%% This BibTeX bibliography file was created using BibDesk.
%% http://bibdesk.sourceforge.net/


%% Created for Jerome at 2014-05-13 03:49:22 +0100 


%% Saved with string encoding Unicode (UTF-8) 

@Inbook{contrast_strect,
author="Kim, Jaeseok",
editor="Kim, Jaeseok
and Shin, Hyunchul",
title="Image Enhancement for Improving Object Recognition",
bookTitle="Algorithm {\&} SoC Design for Automotive Vision Systems: For Smart Safe Driving System",
year="2014",
publisher="Springer Netherlands",
address="Dordrecht",
pages="73--106",
isbn="978-94-017-9075-8",
doi="10.1007/978-94-017-9075-8_4",
url="https://doi.org/10.1007/978-94-017-9075-8_4"
}

@article{GAN_original,
author = {Goodfellow, Ian and Pouget-Abadie, Jean and Mirza, Mehdi and Xu, Bing and Warde-Farley, David and Ozair, Sherjil and Courville, Aaron and Bengio, Y.},
year = {2014},
month = {06},
pages = {},
title = {{Generative Adversarial Networks}},
volume = {3},
journal = {Advances in Neural Information Processing Systems},
doi = {10.1145/3422622}
}

@ARTICLE{GAN,  author={Creswell, Antonia and White, Tom and Dumoulin, Vincent and Arulkumaran, Kai and Sengupta, Biswa and Bharath, Anil A.},  journal={IEEE Signal Processing Magazine},   title={{Generative Adversarial Networks: An Overview}},   year={2018},  volume={35},  number={1},  pages={53-65},  doi={10.1109/MSP.2017.2765202}}


@ARTICLE{snakesplane,  author={Delgado-Gonzalo, Ricard and Uhlmann, Virginie and Schmitter, Daniel and Unser, Michael},  journal={IEEE Signal Processing Magazine},   title={{Snakes on a Plane: A perfect snap for bioimage analysis}},   year={2015},  volume={32},  number={1},  pages={41-48},  doi={10.1109/MSP.2014.2344552}}

@ARTICLE{poisson,  author={Li, Bing and Acton, Scott T.},  journal={IEEE Transactions on Image Processing},   title={{Automatic Active Model Initialization via Poisson Inverse Gradient}}, year={2008},  volume={17},  number={8},  pages={1406-1420},  doi={10.1109/TIP.2008.925375}}

@INPROCEEDINGS{3D:active,  author={Lorenz, Kevin S. and Salama, Paul and Dunn, Kenneth W. and Delp, Edward J.},  booktitle={2013 IEEE International Conference on Image Processing},   title={{Three dimensional segmentation of fluorescence microscopy images using active surfaces}},   year={2013},  volume={},  number={},  pages={1153-1157},  doi={10.1109/ICIP.2013.6738238}}


@article{review:robust,
author = {Xing, Fuyong and Yang, Lin},
year = {2016},
month = {01},
pages = {},
title = {{Robust Nucleus/Cell Detection and Segmentation in Digital Pathology and Microscopy Images: A Comprehensive Review}},
volume = {9},
journal = {IEEE reviews in biomedical engineering},
doi = {10.1109/RBME.2016.2515127}
}

@ARTICLE{snakes:bioimage,  author={Delgado-Gonzalo, Ricard and Uhlmann, Virginie and Schmitter, Daniel and Unser, Michael},  journal={IEEE Signal Processing Magazine},   title={{Snakes on a Plane: A perfect snap for bioimage analysis}},   year={2015},  volume={32},  number={1},  pages={41-48},  doi={10.1109/MSP.2014.2344552}}

@ARTICLE{poisson,  author={Li, Bing and Acton, Scott T.},  journal={IEEE Transactions on Image Processing},   title={{Automatic Active Model Initialization via Poisson Inverse Gradient}},   year={2008},  volume={17},  number={8},  pages={1406-1420},  doi={10.1109/TIP.2008.925375}}

@ARTICLE{region:based,  author={Chan, T.F. and Vese, L.A.},  journal={IEEE Transactions on Image Processing},   title={{Active contours without edges}},   year={2001},  volume={10},  number={2},  pages={266-277},  doi={10.1109/83.902291}}

@ARTICLE{active:3D,  author={Lorenz, Kevin S. and Salama, Paul and Dunn, Kenneth W. and Delp, Edward J.},  booktitle={2013 IEEE International Conference on Image Processing},   title={{Three dimensional segmentation of fluorescence microscopy images using active surfaces}},   year={2013},  volume={},  number={},  pages={1153-1157},  doi={10.1109/ICIP.2013.6738238}}

@INPROCEEDINGS{active:inhmo,  author={Lee, Soonam and Salama, Paul and Dunn, Kenneth W. and Delp, Edward J.},  booktitle={2017 IEEE 14th International Symposium on Biomedical Imaging (ISBI 2017)},   title={{Segmentation of fluorescence microscopy images using three dimensional active contours with inhomogeneity correction}},   year={2017},  volume={},  number={},  pages={709-713},  doi={10.1109/ISBI.2017.7950618}}

@ARTICLE{squassh, author = {Rizk, Aurélien and Paul, Grégory and Incardona, Pietro and Bugarski, Milica and Mansouri, Maysam and Niemann, Axel and Ziegler, Urs and Berger, Philipp and Sbalzarini, Ivo},
year = {2014},
month = {03},
pages = {586-96},
title = {{Segmentation and quantification of subcellular structures in fluorescence microscopy images using Squassh}},
volume = {9},
journal = {Nature protocols},
doi = {10.1038/nprot.2014.037}
}

@ARTICLE{active:couple,  author={Dzyubachyk, Oleh and van Cappellen, Wiggert A. and Essers, Jeroen and Niessen, Wiro J. and Meijering, Erik},  journal={IEEE Transactions on Medical Imaging},   title={{Advanced Level-Set-Based Cell Tracking in Time-Lapse Fluorescence Microscopy}},   year={2010},  volume={29},  number={3},  pages={852-867},  doi={10.1109/TMI.2009.2038693}}

@ARTICLE{couple:original,  author={Dufour, A. and Shinin, V. and Tajbakhsh, S. and Guillen-Aghion, N. and Olivo-Marin, J.-C. and Zimmer, C.},  journal={IEEE Transactions on Image Processing},   title={{Segmenting and tracking fluorescent cells in dynamic 3-D microscopy with coupled active surfaces}},   year={2005},  volume={14},  number={9},  pages={1396-1410},  doi={10.1109/TIP.2005.852790}}

@ARTICLE{graphs,  author={Arslan, Salim and Ersahin, Tulin and Cetin-Atalay, Rengul and Gunduz-Demir, Cigdem},  journal={IEEE Transactions on Medical Imaging},   title={{Attributed Relational Graphs for Cell Nucleus Segmentation in Fluorescence Microscopy Images}},   year={2013},  volume={32},  number={6},  pages={1121-1131},  doi={10.1109/TMI.2013.2255309}}

@INPROCEEDINGS{midpoint,  author={Gadgil, Neeraj J. and Salama, Paul and Dunn, Kenneth W. and Delp, Edward J.},  booktitle={2016 IEEE Southwest Symposium on Image Analysis and Interpretation (SSIAI)},   title={{Nuclei segmentation of fluorescence microscopy images based on midpoint analysis and marked point process}},   year={2016},  volume={},  number={},  pages={37-40},  doi={10.1109/SSIAI.2016.7459169}}

@ARTICLE{CNN2,  author={Xing, Fuyong and Xie, Yuanpu and Yang, Lin},  journal={IEEE Transactions on Medical Imaging},   title={{An Automatic Learning-Based Framework for Robust Nucleus Segmentation}},   year={2016},  volume={35},  number={2},  pages={550-566},  doi={10.1109/TMI.2015.2481436}}

@ARTICLE{CNN3,  author={Kumar, Neeraj and Verma, Ruchika and Sharma, Sanuj and Bhargava, Surabhi and Vahadane, Abhishek and Sethi, Amit},  journal={IEEE Transactions on Medical Imaging},   title={{A Dataset and a Technique for Generalized Nuclear Segmentation for Computational Pathology}},   year={2017},  volume={36},  number={7},  pages={1550-1560},  doi={10.1109/TMI.2017.2677499}}

@article{Unet:3D,
  title={{3D U-Net: Learning Dense Volumetric Segmentation from Sparse Annotation}},
  author={{\"O}zg{\"u}n Çiçek and Ahmed Abdulkadir and Soeren S. Lienkamp and Thomas Brox and Olaf Ronneberger},
  journal={ArXiv},
  year={2016},
  volume={abs/1606.06650}
}

@InProceedings{Unet:2D,
author="Olaf Ronneberger
and Philipp Fischer and Thomas Brox",
editor="Navab, Nassir
and Hornegger, Joachim
and Wells, William M.
and Frangi, Alejandro F.",
title={{U-Net: Convolutional Networks for Biomedical Image Segmentation}},
booktitle="Medical Image Computing and Computer-Assisted Intervention -- MICCAI 2015",
year="2015",
publisher="Springer International Publishing",
address="Cham",
pages="234--241",
isbn="978-3-319-24574-4"
}

@INPROCEEDINGS{cycleGAN:original,  author={Zhu, Jun-Yan and Park, Taesung and Isola, Phillip and Efros, Alexei A.},  booktitle={2017 IEEE International Conference on Computer Vision (ICCV)},   title={{Unpaired Image-to-Image Translation Using Cycle-Consistent Adversarial Networks}},   year={2017},  volume={},  number={},  pages={2242-2251},  doi={10.1109/ICCV.2017.244}}

@INPROCEEDINGS{isola2018imagetoimage,  author={Isola, Phillip and Zhu, Jun-Yan and Zhou, Tinghui and Efros, Alexei A.},  booktitle={2017 IEEE Conference on Computer Vision and Pattern Recognition (CVPR)},   title={{Image-to-Image Translation with Conditional Adversarial Networks}},   year={2017},  volume={},  number={},  pages={5967-5976},  doi={10.1109/CVPR.2017.632}}

@article{vox2vox,
  author    = {Marco Domenico Cirillo and
               David Abramian and
               Anders Eklund},
  title     = {{Vox2Vox: 3D-GAN for Brain Tumour Segmentation}},
  journal   = {CoRR},
  volume    = {abs/2003.13653},
  year      = {2020},
  url       = {https://arxiv.org/abs/2003.13653},
  eprinttype = {arXiv},
  eprint    = {2003.13653},
  timestamp = {Thu, 02 Apr 2020 15:34:08 +0200},
  biburl    = {https://dblp.org/rec/journals/corr/abs-2003-13653.bib},
  bibsource = {dblp computer science bibliography, https://dblp.org}
}

@INPROCEEDINGS{nuclei&golgi,  author={Narotamo, Hemaxi and Ouarné, Marie and Franco, Cláudio Areias and Silveira, Margarida},  booktitle={2021 43rd Annual International Conference of the IEEE Engineering in Medicine   Biology Society (EMBC)},   title={{Joint Segmentation and Pairing of Nuclei and Golgi in 3D Microscopy Images}},   year={2021},  volume={},  number={},  pages={3017-3020},  doi={10.1109/EMBC46164.2021.9630362}}

@Article{review:DL,
AUTHOR = {Liu, Xiangbin and Song, Liping and Liu, Shuai and Zhang, Yudong},
TITLE = {{A Review of Deep-Learning-Based Medical Image Segmentation Methods}},
JOURNAL = {Sustainability},
VOLUME = {13},
YEAR = {2021},
NUMBER = {3},
ARTICLE-NUMBER = {1224},
URL = {https://www.mdpi.com/2071-1050/13/3/1224},
ISSN = {2071-1050},
DOI = {10.3390/su13031224}
}

@article{CNN:3D,
  title={{Design Light-weight 3D Convolutional Networks for Video Recognition Temporal Residual, Fully Separable Block, and Fast Algorithm}},
  author={Haonan Wang and Jun Lin and Zhongfeng Wang},
  journal={ArXiv},
  year={2019},
  volume={abs/1905.13388}
}

@INPROCEEDINGS{fcn,  author={Long, Jonathan and Shelhamer, Evan and Darrell, Trevor},  booktitle={2015 IEEE Conference on Computer Vision and Pattern Recognition (CVPR)},   title={{Fully convolutional networks for semantic segmentation}},   year={2015},  volume={},  number={},  pages={3431-3440},  doi={10.1109/CVPR.2015.7298965}}

@article{cyclegan:image,
author = {Kang, Yuhao and Gao, Song and Roth, Robert},
year = {2019},
month = {05},
pages = {},
title = {{Transferring Multiscale Map Styles Using Generative Adversarial Networks}},
volume = {5},
journal = {International Journal of Cartography},
doi = {10.1080/23729333.2019.1615729}
}

@InProceedings{weakly:2D,
  title =          {{Weakly Supervised Deep Nuclei Segmentation using Points Annotation in Histopathology Images}},
  author =       {Qu, Hui and Wu, Pengxiang and Huang, Qiaoying and Yi, Jingru and Riedlinger, Gregory M. and De, Subhajyoti and Metaxas, Dimitris N.},
  booktitle =          {Proceedings of The 2nd International Conference on Medical Imaging with Deep Learning},
  pages =          {390--400},
  year =          {2019},
  volume =          {102},
  series =          {Proceedings of Machine Learning Research},
  month =          {08--10 Jul},
  publisher =    {PMLR},
  url =          {https://proceedings.mlr.press/v102/qu19a.html},
}

@inproceedings{weakly:3D,
  title={{Deep learning based instance segmentation in 3D biomedical images using weak annotation}},
  author={Zhao, Zhuo and Yang, Lin and Zheng, Hao and Guldner, Ian H and Zhang, Siyuan and Chen, Danny Z},
  booktitle={International Conference on Medical Image Computing and Computer-Assisted Intervention},
  pages={352--360},
  year={2018},
  organization={Springer}
}

@INPROCEEDINGS{SOTA:3DCNN,  author={Ho, David Joon and Fu, Chichen and Salama, Paul and Dunn, Kenneth W. and Delp, Edward J.},  booktitle={2017 IEEE Conference on Computer Vision and Pattern Recognition Workshops (CVPRW)},   title={{Nuclei Segmentation of Fluorescence Microscopy Images Using Three Dimensional Convolutional Neural Networks}},   year={2017},  volume={},  number={},  pages={834-842},  doi={10.1109/CVPRW.2017.116}}

@INPROCEEDINGS{2dplus,  author={Fu, Chichen and Ho, David Joon and Han, Shuo and Salama, Paul and Dunn, Kenneth W. and Delp, Edward J.},  booktitle={2017 IEEE 14th International Symposium on Biomedical Imaging (ISBI 2017)},   title={{Nuclei segmentation of fluorescence microscopy images using convolutional neural networks}},   year={2017},  volume={},  number={},  pages={704-708},  doi={10.1109/ISBI.2017.7950617}}

@INPROCEEDINGS{3d:detection,  author={Ho, David Joon and Fu, Chichen and Salama, Paul and Dunn, Kenneth W. and Delp, Edward J.},  booktitle={2018 IEEE 15th International Symposium on Biomedical Imaging (ISBI 2018)},   title={{Nuclei detection and segmentation of fluorescence microscopy images using three dimensional convolutional neural networks}},   year={2018},  volume={},  number={},  pages={418-422},  doi={10.1109/ISBI.2018.8363606}}

@ARTICLE{cCGAN,  author={Li, Yuexiang and Shen, Linlin},  journal={IEEE Access},   title={{cC-GAN: A Robust Transfer-Learning Framework for HEp-2 Specimen Image Segmentation}},   year={2018},  volume={6},  number={},  pages={14048-14058},  doi={10.1109/ACCESS.2018.2808938}}

@INPROCEEDINGS{weakly:GAN,  author={Hu, Wei and Sheng, Huanhuan and Wu, Jing and Li, Yining and Liu, Tianyi and Wang, Yonghao and Wen, Yuan},  booktitle={2020 IEEE International Conference on Systems, Man, and Cybernetics (SMC)},   title={{Generative Adversarial Training for Weakly Supervised Nuclei Instance Segmentation}},   year={2020},  volume={},  number={},  pages={3649-3654},  doi={10.1109/SMC42975.2020.9283412}}

@article{cGAN:cycleGAN,
  author    = {Faisal Mahmood and
               Daniel Borders and
               Richard J. Chen and
               Gregory N. McKay and
               Kevan J. Salimian and
               Alexander S. Baras and
               Nicholas J. Durr},
  title     = {{Deep Adversarial Training for Multi-Organ Nuclei Segmentation in Histopathology
               Images}},
  journal   = {CoRR},
  volume    = {abs/1810.00236},
  year      = {2018},
  url       = {http://arxiv.org/abs/1810.00236},
  eprinttype = {arXiv},
  eprint    = {1810.00236},
  timestamp = {Mon, 08 Jul 2019 13:50:11 +0200},
  biburl    = {https://dblp.org/rec/journals/corr/abs-1810-00236.bib},
  bibsource = {dblp computer science bibliography, https://dblp.org}
}

@INPROCEEDINGS{3D:CycleGAN,  author={Fu, Chichen and Lee, Soonam and Ho, David Joon and Han, Shuo and Salama, Paul and Dunn, Kenneth W. and Delp, Edward J.},  booktitle={2018 IEEE/CVF Conference on Computer Vision and Pattern Recognition Workshops (CVPRW)},   title={{Three Dimensional Fluorescence Microscopy Image Synthesis and Segmentation}},   year={2018},  volume={},  number={},  pages={2302-23028},  doi={10.1109/CVPRW.2018.00298}}

@article{detection:3D,  title={{Center-Extraction-Based Three Dimensional Nuclei Instance Segmentation of Fluorescence Microscopy Images}},
   url={http://dx.doi.org/10.1109/BHI.2019.8834516},
   DOI={10.1109/bhi.2019.8834516},
   journal={2019 IEEE EMBS International Conference on Biomedical \& Health Informatics (BHI)},
   publisher={IEEE},
   author={Ho, David Joon and Han, Shuo and Fu, Chichen and Salama, Paul and Dunn, Kenneth W. and Delp, Edward J.},
   year={2019},
   month={May}
}

@article{deepsynth,
  title={{DeepSynth: Three-dimensional nuclear segmentation of biological images using neural networks trained with synthetic data}},
  author={Dunn, Kenneth W and Fu, Chichen and Ho, David Joon and Lee, Soonam and Han, Shuo and Salama, Paul and Delp, Edward J},
  journal={Scientific reports},
  volume={9},
  number={1},
  pages={1--15},
  year={2019},
  publisher={Nature Publishing Group}
}


@article{review:1,
	doi = {10.1109/rbme.2016.2515127},
	url = {https://doi.org/10.1109%2Frbme.2016.2515127},
	year = 2016,
	publisher = {Institute of Electrical and Electronics Engineers ({IEEE})},
	volume = {9},
	pages = {234--263},
	author = {Fuyong Xing and Lin Yang},
	title = {{Robust Nucleus/Cell Detection and Segmentation in Digital Pathology and Microscopy Images: A Comprehensive Review}},
	journal = {{IEEE} Reviews in Biomedical Engineering}
}

@article{review:2,
author = {Hayakawa, Tomohiro and Prasath, Surya and Kawanaka, Hiroharu and Aronow, Bruce and Tsuruoka, Shinji},
year = {2021},
month = {01},
pages = {1-13},
title = {{Computational Nuclei Segmentation Methods in Digital Pathology: A Survey}},
volume = {28},
journal = {Archives of Computational Methods in Engineering},
doi = {10.1007/s11831-019-09366-4}
}

@ARTICLE{review:3,  author={Xing, Fuyong and Xie, Yuanpu and Su, Hai and Liu, Fujun and Yang, Lin},  journal={IEEE Transactions on Neural Networks and Learning Systems},   title={{Deep Learning in Microscopy Image Analysis: A Survey}},   year={2018},  volume={29},  number={10},  pages={4550-4568},  doi={10.1109/TNNLS.2017.2766168}}

@article{cellprofiler,
author = {Carpenter, Anne and Jones, Thouis and Lamprecht, Mike and Clarke, Colin and Kang, In and Friman, Ola and Guertin, David and Chang, Joo and Lindquist, Robert and Moffat, Jason and Golland, Polina and Sabatini, David},
year = {2006},
month = {02},
pages = {R100},
title = {{CellProfiler: Image analysis software for identifying and quantifying cell phenotypes}},
volume = {7},
journal = {Genome biology},
doi = {10.1186/gb-2006-7-10-r100}
}

@article{voxresnet,
title = {{VoxResNet: Deep voxelwise residual networks for brain segmentation from 3D MR images}},
journal = {NeuroImage},
volume = {170},
pages = {446-455},
year = {2018},
note = {Segmenting the Brain},
issn = {1053-8119},
doi = {https://doi.org/10.1016/j.neuroimage.2017.04.041},
url = {https://www.sciencedirect.com/science/article/pii/S1053811917303348},
author = {Hao Chen and Qi Dou and Lequan Yu and Jing Qin and Pheng-Ann Heng},
}

@ARTICLE{snakes:active,
    author = {Michael Kass and Andrew Witkin and Demetri Terzopoulos},
    title = {{Snakes: Active contour models}},
    journal = {INTERNATIONAL JOURNAL OF COMPUTER VISION},
    year = {1988},
    volume = {1},
    number = {4},
    pages = {321--331}
}

@article{squass:original,
author = {Paul, Gr\'{e}gory and Cardinale, Janick and Sbalzarini, Ivo F.},
title = {{Coupling Image Restoration and Segmentation: A Generalized Linear Model/Bregman Perspective}},
year = {2013},
issue_date = {August    2013},
publisher = {Kluwer Academic Publishers},
volume = {104},
number = {1},
issn = {0920-5691},
url = {https://doi.org/10.1007/s11263-013-0615-2},
doi = {10.1007/s11263-013-0615-2},
journal = {Int. J. Comput. Vision},
month = {aug},
pages = {69–93},
numpages = {25},
}

@INPROCEEDINGS{2018mask,  author={He, Kaiming and Gkioxari, Georgia and Dollár, Piotr and Girshick, Ross},  booktitle={2017 IEEE International Conference on Computer Vision (ICCV)},   title={{Mask R-CNN}},   year={2017},  volume={},  number={},  pages={2980-2988},  doi={10.1109/ICCV.2017.322}}

@misc{adgan,
      title={{AD-GAN: End-to-end Unsupervised Nuclei Segmentation with Aligned Disentangling Training}}, 
      author={Kai Yao and Kaizhu Huang and Jie Sun and Curran Jude},
      year={2021},
      eprint={2107.11022},
      archivePrefix={arXiv},
      primaryClass={eess.IV}
}

@misc{lossy:cyclegan,
      title={{CycleGAN, a Master of Steganography}}, 
      author={Casey Chu and Andrey Zhmoginov and Mark Sandler},
      year={2017},
      eprint={1712.02950},
      archivePrefix={arXiv},
      primaryClass={cs.CV}
}

@article{dataset,
author = {Yao, Kai and Huang, Kaizhu and Sun, Jie and Jing, Linzhi and Huang, Dejian and Jude, Curran},
year = {2021},
month = {11},
pages = {1-6},
title = {{Scaffold-A549: A Benchmark 3D Fluorescence Image Dataset for Unsupervised Nuclei Segmentation}},
volume = {13},
journal = {Cognitive Computation},
doi = {10.1007/s12559-021-09944-4}
}

@article{fluorescence,
author = {Benninger, Richard and Hao, Mingming and Piston, D},
year = {2008},
month = {02},
pages = {71-92},
title = {{Multi-photon excitation imaging of dynamic processes in living cells and tissues}},
volume = {160},
isbn = {978-3-540-77603-1},
journal = {Reviews of physiology, biochemistry and pharmacology},
doi = {10.1007/112_2008_801}
}

@article{review:2021deep,
  title={{Deep learning for bioimage analysis}},
  author={Hallou, Adrien and Yevick, Hannah and Dumitrascu, Bianca and Uhlmann, Virginie},
  journal={arXiv preprint arXiv:2107.02584},
  year={2021}
}

@article{review:CV,
author = {Chai, Junyi and Zeng, Hao and Li, Anming and Ngai, Eric},
year = {2021},
month = {08},
pages = {100134},
title = {{Deep learning in computer vision: A critical review of emerging techniques and application scenarios}},
volume = {6},
journal = {Machine Learning with Applications},
doi = {10.1016/j.mlwa.2021.100134}
}


 @article{kumar_2021, title={{CNN Basic Architecture for Classification \& Segmentation}}, url={https://vitalflux.com/cnn-basic-architecture-for-classification-segmentation/}, journal={Data Analytics}, author={Kumar, Ajitesh}, year={2021}, month={Sep}} 

 
 @article{ 2018guide,
  title={{A guide to convolution arithmetic for deep learning}},
  author={Dumoulin, Vincent and Visin, Francesco},
  journal={arXiv preprint arXiv:1603.07285},
  year={2016}
}

  
@article{2018activation,
  title={{Activation functions: Comparison of trends in practice and research for deep learning}},
  author={Nwankpa, Chigozie and Ijomah, Winifred and Gachagan, Anthony and Marshall, Stephen},
  journal={arXiv preprint arXiv:1811.03378},
  year={2018}
}

@article{Metrics,
  title={{Metrics for evaluating 3D medical image segmentation: analysis, selection, and tool}},
  author={Taha, Abdel Aziz and Hanbury, Allan},
  journal={BMC medical imaging},
  volume={15},
  number={1},
  pages={1--28},
  year={2015},
  publisher={BioMed Central}
}

@INPROCEEDINGS{2015deep,  author={He, Kaiming and Zhang, Xiangyu and Ren, Shaoqing and Sun, Jian},  booktitle={2016 IEEE Conference on Computer Vision and Pattern Recognition (CVPR)},   title={{Deep Residual Learning for Image Recognition}},   year={2016},  volume={},  number={},  pages={770-778},  doi={10.1109/CVPR.2016.90}}

@article{guide:cnn,
  title={{A Guide to Convolutional Neural Networks for Computer Vision}},
  author={Khan, Salman and Rahmani, Hossein and Shah, Syed Afaq Ali and Bennamoun, Mohammed},
  journal={Synthesis Lectures on Computer Vision},
  volume={8},
  number={1},
  pages={1--207},
  year={2018},
  publisher={Morgan \& Claypool Publishers}
}

@article{image:CNN,
author = {Nahhas, Faten and Shafri, Helmi and Al-Zuhairi, Maher and Pradhan, Biswajeet and Mansor, Shattri},
year = {2018},
month = {08},
pages = {},
title = {{Deep Learning Approach for Building Detection Using LiDAR-Orthophoto Fusion}},
volume = {2018},
journal = {Journal of Sensors},
doi = {10.1155/2018/7212307}
}

@ARTICLE{segnet,  author={Badrinarayanan, Vijay and Kendall, Alex and Cipolla, Roberto},  journal={IEEE Transactions on Pattern Analysis and Machine Intelligence},   title={{SegNet: A Deep Convolutional Encoder-Decoder Architecture for Image Segmentation}},   year={2017},  volume={39},  number={12},  pages={2481-2495},  doi={10.1109/TPAMI.2016.2644615}}

@article{enconders,
author = {Xing, Yongfeng and Zhong, Luo and Zhong, Xian},
year = {2020},
month = {07},
pages = {1-9},
title = {{An Encoder-Decoder Network Based FCN Architecture for Semantic Segmentation}},
volume = {2020},
journal = {Wireless Communications and Mobile Computing},
doi = {10.1155/2020/8861886}
}

@INPROCEEDINGS{diceloss,  author={Jadon, Shruti},  booktitle={2020 IEEE Conference on Computational Intelligence in Bioinformatics and Computational Biology (CIBCB)},   title={A survey of loss functions for semantic segmentation},   year={2020},  volume={},  number={},  pages={1-7},  doi={10.1109/CIBCB48159.2020.9277638}}

@misc{tensorflow,
title={ {TensorFlow}: Large-Scale Machine Learning on Heterogeneous Systems},
url={https://www.tensorflow.org/},
note={Software available from tensorflow.org},
author={
    Mart\'{\i}n~Abadi and others},
  year={2015},
}

@online{keras,
  title={Keras},
  author={Chollet, Francois and others},
  year={2015},
  publisher={GitHub},
  url={https://github.com/fchollet/keras},
}

@misc{focal_loss,
  doi = {10.48550/ARXIV.1708.02002},
  
  url = {https://arxiv.org/abs/1708.02002},
  
  author = {Lin, Tsung-Yi and Goyal, Priya and Girshick, Ross and He, Kaiming and Dollár, Piotr},
  
  keywords = {Computer Vision and Pattern Recognition (cs.CV), FOS: Computer and information sciences, FOS: Computer and information sciences},
  
  title = {Focal Loss for Dense Object Detection},
  
  publisher = {arXiv},
  
  year = {2017},
  
  copyright = {arXiv.org perpetual, non-exclusive license}
}

@article{review_cnn,
author = {Anwar, Syed and Majid, Muhammad and Qayyum, Adnan and Awais, Muhammad and Alnowami, Majdi and Khan, Khurram},
year = {2018},
month = {10},
pages = {226},
title = {Medical Image Analysis using Convolutional Neural Networks: A Review},
volume = {42},
journal = {Journal of Medical Systems},
doi = {10.1007/s10916-018-1088-1}
}

